@article{icwsm1,
title = {Toward a better understanding of how people use online news: Evidence from a Dutch case study combining tracking data, survey data, and an experimental intervention},
author = {Damian Trilling and Judith M\"oller and {van de Velde}, Bob and {de Vreese}, Claes H.},
year = {under review}
}
