@incollection{Trillignetwork,
author = "Damian Trilling",
title = {Conceptualizing and measuring news exposure as network of users and news items},
booktitle = {Measuring Media Use and Exposure: {R}ecent Developments and Challenges},
editor= {Christina Peter and Theresa Naab and Rinaldo K{\"u}hne},
year = "2018"
}



@incollection{17295046a3e64d3c8ccc667fe97b43b0,
  title     = {But how do we store it? {D}ata architecture in the social-scientific research process},
  author    = "Elisabeth G{\"u}nther and Damian Trilling and {van de Velde}, Bob",
  year      = "2018",
  language  = "English",
  pages     = "161--187",
  editor    = "C.M. Stuetzer and M. Welker and M. Egger",
  booktitle = {Computational social science in the age of {Big Data}. {C}oncepts, methodologies, tools, and applications},
  publisher = "Herbert von Halem",
}



@incollection{Trilling2017b,
address = {Hoboken, NJ},
author = {Trilling, Damian},
booktitle = {The International Encyclopedia of Communication Research Methods},
doi = {10.1002/9781118901731.iecrm0014},
file = {:Users/damian/Dropbox/uva/literatuur-mendeley/Trilling{\_}2017(2).pdf:pdf},
isbn = {9781118901731},
publisher = {Wiley},
title = {{Big Data, Analysis of}},
year = {2017}
}

@incollection{Trilling2014a,
  title     = {{Grenzen der Selektivit{\"a}t: Kann der Selective-exposure-Ansatz komplement{\"a}re und komplexe Nutzungsmuster erkl{\"a}ren?}},
  author    = "Damian Trilling",
  year      = "2014",
  language  = "German",
  isbn      = "9783848715213",
  pages     = "77--92",
  editor    = "{Kleinen-von K{\"o}nigsl{\"o}w}, K. and K. F{\"o}rster",
  booktitle = "Medienkonvergenz und Medienkomplementarit{\"a}t aus Rezeptions- und Wirkungsperspektive",
  publisher = "Nomos",
  address = "Baden-Baden, Germany"
}



@incollection{Trilling2014b,
address = {Cologne, Germany},
author = {Trilling, Damian},
booktitle = {Automatisierung in der Inhaltsanalyse},
editor = {Sommer, K and Wettstein, M. and Wirth, W. and Matthes, J.},
mendeley-groups = {papers/damianpetro},
pages = {743--789},
publisher = {Herbert von Halem},
title = {{Weg vom manuellen Speichern: Automatisierte Datenerhebung bei Onlinemedien}},
year = {2014}
}
