@misc{oratie,
author = {Damian Trilling},
url = {https://hdl.handle.net/1871.1/864a02d9-c15c-4bf6-844d-c6d8b1e9689d},
howpublished = {https://hdl.handle.net/1871.1/864a02d9-c15c-4bf6-844d-c6d8b1e9689d},
title = {Dit vind je vast ook leuk: Waarom een veranderende journalistiek een creatievere journalistiekwetenschap nodig heeft (Inaugural lecture, Vrije Universiteit Amsterdam)},
year = {2025},
month = {9},
day = {12}
}


@inproceedings{semgenage,
title = "Preface for the 1st Workshop on Semantic Generative Agents on the Web at ESWC 2025 (SemGenAge2025)",
abstract = "This preface summarises the 1st Workshop on Semantic Generative Agents on the Web (SemGenAge2025), a co-event with the Extended Semantic Web Conference (ESWC 2025), held on May 2nd, 2025, in Portoro{\v z}, Slovenia.",
author = "Achim Rettinger and Damian Trilling and Marko Grobelnik",
year = "2025",
language = "English",
series = "CEUR Workshop Proceedings",
publisher = "CEUR-WS",
editor = "Marta Sabou and Andreas Harth and Pasquale Lisena and Edward Curry and Bohui Zhang and Reham Alharbi and Yuan He and Georg Rehm and Sonja Schimmler and Stefan Dietze and Natalia Manola and Andrea Cimmino and Nicoletta Fornara and V{\'i}ctor Rodr{\'i}guez-Doncel and John Domingue and Achim Rettinger and Damian Trilling and Marko Grobelnik and Claudia d'Amato and Valeria Fionda and Ilaria Tiddi and Gabriele Tolomei",
booktitle = "ESWC-JP 2025 ESWC 2025 Workshops and Tutorials Joint Proceedings",
url = {https://ceur-ws.org/Vol-3977/SemGenAge-preface.pdf}
}



@article{ArcilaCalderon2021,
author = {{Arcila Calder{\'{o}}n}, Carlos and {Van Atteveldt}, Wouter and Trilling, Damian},
doi = {10.7764/cdi.49.35333},
file = {:home/damian/SURFdrive/literatuur-mendeley/Arcila Calder{\'{o}}n, Van Atteveldt, Trilling{\_}2021.pdf:pdf},
journal = {cuadernos.info},
pages = {1--3},
title = {{Dossier Editorial: Special Issue Computational Methods and Big Data in Communication Research}},
volume = {49},
year = {2021},
note = {Editorial to Special issue ``Métodos computacionales y Big Data en la investigación en Comunicación''}
}


@misc{trondheimanalyticatwitter,
title = {Can we observe public opinion on {T}witter?},
author = {Judith M\"oller and Marijn {van Klingeren} and Damian Trilling},
year = {2020},
month = {7},
day = {29},
publisher = "\@realSocialMedia by Trondheim Analytica",
howpublished = {https://www.ntnu.no/blogger/realsocialmedia/2020/07/29/can-we-observe-public-opinion-on-twitter/}
}


@misc{versvakcorona,
title = {Welke rol spelen mis- en disinformatie in de coronacrisis?},
author = {Damian Trilling},
year = {2020},
month = {4},
day = {21},
publisher = "Versvak",
howpublished = {https://versvak.be/welke-rol-spelen-mis-en-disinformatie-in-de-coronacrisis/}
}


@article{ccrintro,
author = {{Van Atteveldt}, Wouter and Margolin, Drew and Shen, Cuihua and Trilling, Damian and Weber, Ren{\'{e}}},
doi = {10.5117/CCR2019.1.001.VANA},
journal = {Computational Communication Research},
number = {1},
pages = {1--11},
title = {{A roadmap for Computational Communication Research}},
volume = {1},
year = {2019},
note = {Editorial to inaugural issue}
}


@misc{ditvindennieuwsgebruikers,
  title     = "Dit vinden nieuwsgebruikers van algoritmische nieuwsselectie",
  author    = {Damian Trilling and Judith M\"oller},
  year      = "2018",
  month     = "12",
  day       = "4",
  language  = "Dutch",
  publisher = "De nieuwe reporter",
  howpublished = {https://www.denieuwereporter.nl/2018/12/dit-vinden-nieuwsgebruikers-van-algoritmische-nieuwsselectie/}
}



@misc{alomtegenwoordig,
  title     = "Is het nieuws alomtegenwoordig?",
  author    = "Damian Trilling",
  year      = "2018",
  month     = "2",
  day       = "13",
  language  = "Dutch",
  publisher = "Versvak",
  howpublished = {http://www.versvak.nl/media-communicatie/is-het-nieuws-alomtegenwoordig/}
}



@article{mensenmaatschappij,
title = {Hoe polarisatie het gevolg jan zijn van selectieve mediablootstelling [onderdeel van de sectie ``In de etalage'']},
author = {Damian Trilling and Marijn {van Klingeren}},
year = {2018},
volume = {93},
issue = {2},
journal = {Mens en Maatschappij},
pages = {186--188},
doi = {10.5117/MEM2018.2.INDE},
}



@misc{2b1499cbe8014995abc6c81cefaa75e0,
  title     = "Waarom we het begrip ‘nepnieuws’ beter niet kunnen gebruiken",
  author    = "Damian Trilling",
  year      = "2018",
  month     = "2",
  day       = "13",
  language  = "Dutch",
  publisher = "Versvak",
  howpublished = {http://www.versvak.nl/media-communicatie/waarom-we-het-begrip-nepnieuws-beter-niet-kunnen-gebruiken/}
}


@misc{d12e3cc8902845389880f9931668d574,
  title    = "De filterbubbel doorgeprikt: Het negatieve effect van gepersonaliseerde media valt mee",
  author   = "{Zuiderveen Borgesius}, Frederik J. and Damian Trilling and Saraj J. Eskens and Judith M{\"o}ller and Balazs Bod{\'o} and {de Vreese}, Claes H. and Natali Helberger",
  year     = "2016",
  month    = "11",
  day      = "18",
  language = "English",
  howpublished = {https://stukroodvlees.nl/de-filterbubbel-doorgeprikt-het-negatieve-effect-van-gepersonaliseerde-media-valt-mee/}
}


@misc{d2b654a026b64f79833b6525f26f68f9,
  title     = "Facebook is a news editor: the real issues to be concerned about",
    keywords  = "blog",
  author    = "Natali Helberger and Damian Trilling",
  year      = "2016",
  month     = "5",
  day       = "26",
  language  = "English",
  publisher = "LSE Media Policy Project Blog",
  howpublished = {http://blogs.lse.ac.uk/mediapolicyproject/2016/05/26/facebook-is-a-news-editor-the-real-issues-to-be-concerned-about/}
}


@misc{d7294be90e9f4d859014b17a16d0131e,
  title    = "Hoe verschillen de voorverkiezingsdebatten van Democraten en Republikeinen?",
  author   = "Damian Trilling and Mark Boukes",
  year     = "2016",
  month    = "5",
  day      = "18",
  howpublished = "http://www.versvak.nl/politiek/hoe-verschillen-de-voorverkiezingsdebatten-van-democraten-en-republikeinen/"
}


@misc{81a70e80a9a04685a104784ac9a74758,
  title     = "Naakte lichamen, je BSN of gezondheidsgegevens: Wat vinden we privacygevoelige gegevens?",
  keywords  = "blog",
  author    = "Damian Trilling",
  year      = "2015",
  month     = "11",
  day       = "5",
  language  = "Dutch",
  howpublished = "http://www.versvak.nl/naakte-lichamen-je-bsn-of-gezondheidsgegevens/",
}


@misc{3f4b687d08e248dbbceab4f5c936c016,
  title     = "Actievoeren vanuit je luie stoel: Maakt het activisme plaats voor slacktivism?",
  keywords  = "blog",
  author    = "Damian  Trilling",
  year      = "2015",
  month     = "6",
  day       = "4",
  language  = "Dutch",
  howpublished = "http://www.versvak.nl/act4/",
}

@article{fffd87ee7c4d481d86ee55f1aff6421a,
  title    = {{Rezension von: S. H{\"o}lig (2014) Informationsorientierte Kommunikationsmodi zwischen Massen- und interpersonaler Kommunikation}},
  author   = "Damian Trilling",
  year     = "2015",
  doi      = "10.5771/1615-634X-2015-3-419",
  language = "German",
  volume   = "63",
  pages    = "429--430",
  journal  = {Medien \& Kommunikationswissenschaft},
  number   = "3",
}
