@inproceedings{Sotirakou2019,
	address = {Thessaloniki, Greece},
	author = {Sotirakou, Catherine and Trilling, Damian and Germanakos, Panagiotis and Mourlas, Constantinous},
	booktitle = {Web Intelligence '19},
	publisher = {ACM Press},
	title = {Opening the black box of perceived quality: {P}redicting
endorsement on a blog site},
	year = {2019}
}
