% dit zijn artikelen die under review bij een tijdschrift, boek, of bij
% een conferentie met proceedings


@article{Trilling2022b,
author = {Damian Trilling and Erik Knudsen},
title = {{Drivers of news sharing: How context, content, and user features shape sharing decisions on Facebook}},
year = {under review},
OPTjournal = {Digital Journalism}
}





@article{Trilling2022a,
title = {Communicative feedback loops in the digital society},
author = {Damian Trilling},
year = {under review},
OPTjournal = {Political Communication}
}




@article{Vermeer2021b,
title = {What's on and who's watching? {C}ombining people-meter data and subtitle data to explore television exposure to political news},
author = {Vermeer, Susan and Trilling, Damian and Stolwijk, Sjoerd and Kruikemeier, Sanne and {de Vreese}, Claes},
year = {under review},
OPTjournal = {Political Communication}
}


