
@book{Trilling2016,
author = {Trilling, Damian},
file = {:Users/damian/Dropbox/uva/literatuur-mendeley/Trilling{\_}2016.pdf:pdf},
journal = {SSRN},
title = {Doing Computational Social Science with {P}ython: {A}n Introduction. Version 1.2},
url = {http://papers.ssrn.com/abstract=2737682},
year = {2018}
}