@phdthesis{Trilling2013phd,
author = {Trilling, Damian},
file = {:Users/damian/Dropbox/uva/literatuur-mendeley/Trilling{\_}2013.pdf:pdf},
school = {University of Amsterdam},
title = {{Following the news: Patterns of online and offline news consumption}},
type = {{PhD} Theses},
url = {https://hdl.handle.net/11245/1.394551}
year = {2013}
}

@phdthesis{Trilling2009ma,
author = {Trilling, Damian},
school = {University of M\"unster},
title = {{Neue Zeitungen f\"ur neue Leser. Profile,
Konzepte, Programme der niederl\"andischen Zeitungen nrc.next, De
Pers und DAG}},
type = {Magister Theses},
year = {2009}
}
